@Book{cormen,
    author =    "Thomas H. Cormen and Charles E. Leiserson and Ronald L. Rivest and Clifford Stein",
    title =     "Introduction to algorithms",
    publisher = "MIT Press and McGraw-Hill",
    year =      "2001",
    edition =   "2"
}

@Book{cormen3,
    author =    "Thomas H. Cormen and Charles E. Leiserson and Ronald L. Rivest and Clifford Stein",
    title =     "Introduction to algorithms",
    publisher = "MIT Press",
    year =      "2009",
    edition =   "3"
}

@Book{cormenpl,
    author =    "Thomas H. Cormen and Charles E. Leiserson and Ronald L. Rivest and Clifford Stein",
    title =     "Wprowadzenie do algorytmów",
    publisher = "Wydawnictwa Naukowo-Techniczne",
    series =    "Klasyka informatyki",
    year =      "2004",
    address =   "Warszawa",
    edition =   "6"
}

@Book{taocp1,
    author =    "Donald E. Knuth",
    title =     "The Art of Computer Programming. Volume 1 -- Fundamental Algorithms",
    publisher = "Addison-Wesley",
    year =      "1997",
    edition =   "3"
}

@Book{concrete,
    author =    "Ronald L. Graham and Donald E. Knuth and Oren Patashnik",
    title =     "Matematyka konkretna",
    publisher = "Wydawnictwo Naukowe PWN",
    year =      "2009",
    address =   "Warszawa",
    edition =   "4"
}

@Book{latex,
    author =    "Leslie Lamport",
    title =     "\LaTeX: A document preparation system",
    publisher = "Addison-Wesley",
    year =      "1994",
    edition =   "2"
}

@Book{texbook,
    author =    "Donald E. Knuth",
    title =     "The \TeX book",
    publisher = "Addison-Wesley",
    address =   "Massachusetts",
    year =      "1984"
}

@Manual{metapost,
    author =    "John D. Hobby",
    title =     "MetaPost -- A User's Manual",
    version =   "1.211",
    month =     "kwiecień",
    year =      "2010"
}

@Manual{metafun,
    author =    "Hans Hagen",
    title =     "MetaFun",
    month =     "styczeń",
    year =      "2002"
}
